<collection xmlns="http://www.loc.gov/MARC21/slim"><record><leader>00769nam  2200229   450</leader><controlfield tag="001">680</controlfield><controlfield tag="003">http://montalegre.opacnet.com/OPAC/default.aspx?ContentAreaControl=ShowRegHoldings.ascx&amp;RegNo=16662</controlfield><datafield tag="100" ind1=" " ind2=" "><subfield code="a">20061013d1983    a  y0pory0103    ba</subfield></datafield><datafield tag="101" ind1="0" ind2=" "><subfield code="a">por</subfield></datafield><datafield tag="102" ind1=" " ind2=" "><subfield code="a">PT</subfield></datafield><datafield tag="200" ind1="1" ind2=" "><subfield code="a">&lt;O &gt;coelho atleta e a sua escola de desporto</subfield><subfield code="f">Carlos Pinhão</subfield><subfield code="g">il. de Madalena Raimundo</subfield></datafield><datafield tag="210" ind1=" " ind2=" "><subfield code="a">Lisboa</subfield><subfield code="c">Horizonte</subfield><subfield code="d">1983</subfield></datafield><datafield tag="215" ind1=" " ind2=" "><subfield code="a">38 p.</subfield><subfield code="c">il.</subfield><subfield code="d">23 cm</subfield></datafield><datafield tag="225" ind1="2" ind2=" "><subfield code="a">Pássaro livre</subfield><subfield code="v">40</subfield></datafield><datafield tag="606" ind1=" " ind2=" "><subfield code="a">Literatura juvenil</subfield></datafield><datafield tag="608" ind1=" " ind2=" "><subfield code="a">Prosa narrativa</subfield></datafield><datafield tag="675" ind1=" " ind2=" "><subfield code="a">82-93</subfield></datafield><datafield tag="700" ind1=" " ind2="1"><subfield code="a">Pinhão</subfield><subfield code="b">Carlos</subfield><subfield code="f">1924-1993</subfield></datafield><datafield tag="702" ind1=" " ind2="1"><subfield code="a">Raimundo</subfield><subfield code="b">Madalena</subfield><subfield code="4">440</subfield></datafield><datafield tag="801" ind1=" " ind2="0"><subfield code="a">PT</subfield><subfield code="b">Biblioteca Municipal de Montalegre</subfield><subfield code="g">RPC</subfield></datafield><datafield tag="856" ind1=" " ind2=" "><subfield code="u">locateMedia.asp?cod=20060524151406&amp;ext=jpg</subfield><subfield code="z">CAPA</subfield></datafield><datafield tag="909" ind1="&#9;" ind2=" "><subfield code="a">2</subfield></datafield><datafield tag="966" ind1=" " ind2=" "><subfield code="a">0001616</subfield><subfield code="l">BMM</subfield><subfield code="s">SI 82-93 PIN coe 40</subfield></datafield><datafield tag="966" ind1=" " ind2=" "><subfield code="a">0001617</subfield><subfield code="l">BMM</subfield><subfield code="s">SI 82-93 PIN coe 40</subfield></datafield></record></collection>